02RETORNO01COBRANCA       00000000002080149304COMPANHIA DE DESENV HABIT DO D070BRB            24022016                                                                                                                                                                                                                                                                                     24022016       000001
10000000000000000   00000002080149304                                 1000277070602080149304               00524022016          100027707060        0000000000000000000000700307100000000000000000000000000000000000000000000000000000000000000000000000000000000000000003000000000000000000000000000000  02402201600000000000000000000000000000000000000000000000000000                                  000002
10000000000000000   00000002080149304                                 1000290070902080149304               00524022016          100029007090        0000000000000000000000700307100000000000000000000000000000000000000000000000000000000000000000000000000000000000000003000000000000000000000000000000  02402201600000000000000000000000000000000000000000000000000000                                  000003
10100018551378520   00000002080149304                                 1000272070172080149304000272         10524022016000272    100027207017        2402201600000000300000700307121000000000000000000000000000000000000000000000000000000000000000000000000000000000000003000000000000000000000000000000  02402201600000000300000000000000000000000000000000000000000000                                  000004
10100007599705643   00000002080149304                                 1000270070342080149304000270         00524022016000270    100027007034        2402201600000000300000700307121000000000000000000000000000000000000000000000000000000000000000000000000000000000000003000000000000000000000000000000  02402201600000000300000000000000000000000000000000000000000000                                  000005
10100002308146117   00000002080149304                                 1000271070202080149304000271         00524022016000271    100027107020        2402201600000000300000700020621000000000000000000000000000000000000000000000000000000000000000000000000000000000000003000000000000000000000000000000  02402201600000000300000000000000000000000000000000000000000000                                  000006
10100068850484100   00000002080149304                                 1000217070932080149304000217         10524022016000217    100021707093        0603201600000000300000700307121000000000000000000000000000000000000000000000000000000000000000000000000000000000000003000000000000000000000000000000  02402201600000000300000000000000000000000000000000000000000000                                  000007
10000000000000000   00000002080149304                                 10002800702720801493040000000000000  015240220160000000000100028007027        0000000000000000300000700307100000000000000000000000000000000000000000000000000000000000000000000000000000000000000003000000000000000000000000000000  024022016           01        TITULO JA LIQUIDADO                 LIQUID. REJEIT. E REGULARIZADA000008
9201070                                                  00000000000000000            00007000000210000                                                                                                                                                                                                                                                                                                   000009
